
@misc{stough_3d_nodate,
	title = {3D {Volume} {Visualization} - {File} {Exchange} - {MATLAB} {Central}},
	url = {http://www.mathworks.com/matlabcentral/fileexchange/37268-3d-volume-visualization},
	abstract = {3D volume viz with interactive slice selection, colored ortho-planes, windowing, colormap selection.},
	urldate = {2018-04-17},
	author = {Stough, Joshua},
	file = {Snapshot:C\:\\Users\\J-Bro\\Zotero\\storage\\VKWMU6L2\\37268-3d-volume-visualization.html:text/html}
}