
@article{rabie_adaptive_2004,
	title = {Adaptive hybrid mean and median filtering of high-{ISO} long-exposure sensor noise for digital photography},
	volume = {13},
	journal = {J. Electronic Imaging},
	author = {Rabie, Tamer},
	year = {2004},
	pages = {264--277}
}