@proceeding{doi: 10.1117/12.2044046,
author = { Tahereh  Mahmudi,Rahele  Kafieh,Hossein  Rabbani,Alireza  Mehri dehnavi,Mohammadreza  Akhlagi},
title = {Comparison of macular OCTs in right and left eyes of normal people},
journal = {Proc.SPIE},
volume = {9038},
number = {},
pages = {9038 - 9038 - 6},
year = {2014},
doi = {10.1117/12.2044046},
URL = {https://doi.org/10.1117/12.2044046},
eprint = {}
}
