
@misc{balbi_faster_nodate,
	title = {Faster {Kuwahara} filter - {File} {Exchange} - {MATLAB} {Central}},
	url = {http://www.mathworks.com/matlabcentral/fileexchange/15027-faster-kuwahara-filter},
	abstract = {Performs a very fast Kuwahara filtering on images.},
	urldate = {2018-04-19},
	author = {Balbi, Luca},
	file = {Snapshot:C\:\\Users\\J-Bro\\Zotero\\storage\\9EAQPWH6\\15027-faster-kuwahara-filter.html:text/html}
}