
@misc{garcia_hybrid_2010,
	title = {Hybrid median filtering - {File} {Exchange} - {MATLAB} {Central}},
	url = {http://www.mathworks.com/matlabcentral/fileexchange/25825-hybrid-median-filtering},
	abstract = {HMF performs hybrid median filtering of a 2-D array or an RGB image},
	urldate = {2018-04-19},
	author = {Garcia, Damien},
	month = feb,
	year = {2010},
	file = {Snapshot:C\:\\Users\\J-Bro\\Zotero\\storage\\JSY7XQZB\\25825-hybrid-median-filtering.html:text/html}
}