
@misc{noauthor_kuwahara_nodate,
	title = {The {Kuwahara} {Operator}},
	url = {https://commons.wikimedia.org/wiki/File:Kuwahara.jpg},
	author = {, DinoVgk}
}