
@misc{rajan_lee_nodate,
	title = {Lee {Filter}},
	howpublished= {\url{http://www.mathworks.com/matlabcentral/fileexchange/54044-image-despeckle-filtering-toolbox}},
	abstract = {Image Despeckle Filtering and Analysis Toolbox},
	urldate = {2018-04-19},
	author = {Rajan, Jeny and Chandrashekar, P. S.},
	file = {Snapshot:C\:\\Users\\J-Bro\\Zotero\\storage\\35TKF3V8\\54044-image-despeckle-filtering-toolbox.html:text/html}
}
