
@misc{meshram_noise_2014,
	title = {Noise {Level} {Estimation}},
	url = {http://www.mathworks.com/matlabcentral/fileexchange/45940-noise-level-estimation},
	abstract = {Single Image Estimate Noise Level},
	urldate = {2018-04-19},
	author = {Meshram, Ashish},
	month = mar,
	year = {2014},
	file = {Snapshot:C\:\\Users\\J-Bro\\Zotero\\storage\\PG22FKV9\\45940-noise-level-estimation.html:text/html}
}