
@article{bhende_optical_2018,
	title = {Optical coherence tomography: {A} guide to interpretation of common macular diseases},
	volume = {66},
	issn = {0301-4738},
	url = {http://www.ncbi.nlm.nih.gov/pmc/articles/PMC5778576/},
	doi = {10.4103/ijo.IJO_902_17},
	abstract = {Optical coherence tomography is a quick, non invasive and reproducible imaging tool for macular lesions and has become an essential part of retina practice. This review address the common protocols for imaging the macula, basics of image interpretation, features of common macular disorders with clues to differentiate mimickers and an introduction to choroidal imaging. It includes case examples and also a practical algorithm for interpretation.},
	number = {1},
	journal = {Indian Journal of Ophthalmology},
	author = {Bhende, Muna and Shetty, Sharan and Parthasarathy, Mohana Kuppuswamy and Ramya, S},
	month = jan,
	year = {2018},
	pages = {20--35}
}