
@misc{noauthor_radar_nodate,
	type = {concept},
	title = {Radar {Enhanced} {Lee} {Filter}},
	url = {http://www.pcigeomatics.com/geomatica-help/concepts/orthoengine_c/Chapter_825.html},
	language = {en-us},
	urldate = {2018-04-18},
	file = {Snapshot:C\:\\Users\\J-Bro\\Zotero\\storage\\3LJHXCZZ\\Chapter_825.html:text/html}
}