
@misc{fiveko_symmetric_2017,
	title = {Symmetric {Nearest} {Neighbor} {Filter}},
	url = {http://fiveko.com/tutorials/image-processing/symmetric-nearest-neighbor-filter/},
	abstract = {Detailed tutorial and example implementation of Symmetric Nearest Neighbor (Symmetric NN). The SNN is a noise reduction filter used to remove noise and preserve edges at the same time. This filter produce similar results like median and Kuwahara filters},
	language = {en-US},
	urldate = {2018-04-19},
	journal = {FIVEKO},
	author = {{fiveko}},
	month = aug,
	year = {2017},
	file = {Snapshot:C\:\\Users\\J-Bro\\Zotero\\storage\\BLQYSAEW\\symmetric-nearest-neighbor-filter.html:text/html}
}