
@misc{barnes_snn_2005,
	title = {{SNN} filter - {File} {Exchange} - {MATLAB} {Central}},
	url = {http://www.mathworks.com/matlabcentral/fileexchange/8174-snn-filter},
	abstract = {Symmetric nearest neighbor edge-preserving filter.},
	urldate = {2018-04-19},
	author = {Barnes, Arthur},
	month = aug,
	year = {2005},
	annote = {Online; accessed 18-April-2008},
	file = {Snapshot:C\:\\Users\\J-Bro\\Zotero\\storage\\734S59CD\\8174-snn-filter.html:text/html}
}