
@misc{noauthor_speckle_nodate,
	title = {Speckle function—{Help} {\textbar} {ArcGIS} for {Desktop}},
	url = {http://desktop.arcgis.com/en/arcmap/10.3/manage-data/raster-and-images/speckle-function.htm#GUID-F45976F8-09C5-4344-B249-FBAA03517B8A},
	urldate = {2018-04-18},
	file = {Speckle function—Help | ArcGIS for Desktop:C\:\\Users\\J-Bro\\Zotero\\storage\\4SWEL8VG\\speckle-function.html:text/html}
}